<record><leader>00000cas a22000007a 4500</leader><controlfield tag="001">18208832</controlfield><controlfield tag="008">880713d18791879pauuu ne      0    0eng d</controlfield><datafield ind1=" " ind2=" " tag="010"><subfield code="a">sn 88079511 </subfield></datafield><datafield ind1=" " ind2=" " tag="040"><subfield code="a">NPH</subfield><subfield code="b">eng</subfield><subfield code="c">NPH</subfield><subfield code="d">OCLCQ</subfield></datafield><datafield ind1=" " ind2=" " tag="042"><subfield code="a">msc</subfield></datafield><datafield ind1="0" ind2=" " tag="130"><subfield code="a">Fair journal (West Chester, Pa.)</subfield></datafield><datafield ind1="1" ind2="4" tag="245"><subfield code="a">The fair journal.</subfield></datafield><datafield ind1=" " ind2=" " tag="260"><subfield code="a">West Chester, Pa. :</subfield><subfield code="b">Ronk &amp; Thomas</subfield></datafield><datafield ind1=" " ind2=" " tag="300"><subfield code="a">v. :</subfield><subfield code="b">ill. (chiefly advertisements) ;</subfield><subfield code="c">39 cm.</subfield></datafield><datafield ind1="1" ind2=" " tag="362"><subfield code="a">Began in 1879? Ceased in 1879?</subfield></datafield><datafield ind1=" " ind2=" " tag="588"><subfield code="a">Description based on: (Oct. 2, 3 and 4, 1879).</subfield></datafield><datafield ind1=" " ind2=" " tag="752"><subfield code="a">United States</subfield><subfield code="b">Pennsylvania</subfield><subfield code="c">Chester</subfield><subfield code="d">West Chester.</subfield></datafield></record>